@article{Ren2019,
year = {2019}, 
title = {{The role of different SIRT1-mediated signaling pathways in toxic injury}}, 
author = {Ren, Zhihua and He, Hongyi and Zuo, Zhicai and Xu, Zhiwen and Wei, Zhanyong and Deng, Junliang}, 
journal = {Cellular \& Molecular Biology Letters}, 
issn = {1425-8153}, 
doi = {10.1186/s11658-019-0158-9}, 
pmid = {31164908}, 
pages = {36}, 
number = {1},
volume = {24}
}
@article{Liu2015,
year = {2015}, 
title = {{Role of miR-182 in response to oxidative stress in the cell fate of human fallopian tube epithelial cells}}, 
author = {Liu, Yugang and Qiang, Wenan and Xu, Xiaofei and Dong, Ruifen and Karst, Alison M. and Liu, Zhaojian and Kong, Beihua and Drapkin, Ronny I. and Wei, Jian-Jun}, 
journal = {Oncotarget}, 
issn = {1949-2553}, 
doi = {10.18632/oncotarget.5493}, 
pmid = {26472020}, 
pmcid = {PMC4770751}, 
pages = {38983--38998}, 
number = {36}, 
volume = {6}
}
@article{Chou2014,
year = {2014}, 
title = {{AMPK Reverses the Mesenchymal Phenotype of Cancer Cells by Targeting the Akt–MDM2–Foxo3a Signaling Axis}}, 
author = {Chou, Chih-Chien and Lee, Kuen-Haur and Lai, I-Lu and Wang, Dasheng and Mo, Xiaokui and Kulp, Samuel K. and Shapiro, Charles L. and Chen, Ching-Shih}, 
journal = {Cancer Research}, 
issn = {0008-5472}, 
doi = {10.1158/0008-5472.can-14-0135}, 
pmid = {24994714}, 
pmcid = {PMC4155002}, 
pages = {4783--4795},
number = {17}, 
volume = {74}
}
@article{Ohshima2019,
year = {2019}, 
title = {{Streptococcus gordonii programs epithelial cells to resist ZEB2 induction by Porphyromonas gingivalis}}, 
author = {Ohshima, Jun and Wang, Qian and Fitzsimonds, Zackary R. and Miller, Daniel P. and Sztukowska, Maryta N. and Jung, Young-Jung and Hayashi, Mikako and Whiteley, Marvin and Lamont, Richard J.}, 
journal = {Proceedings of the National Academy of Sciences}, 
issn = {0027-8424}, 
doi = {10.1073/pnas.1900101116}, 
pmid = {30971493}, 
pages = {201900101},
number = {17}, 
volume = {116}
}
@article{Zhang2019,
year = {2019}, 
title = {{Chlorpyrifos induced oxidative stress to promote apoptosis and autophagy through the regulation of miR-19a-AMPK axis in common carp}}, 
author = {Zhang, Qiaojian and Zheng, Shufang and Wang, Shengchen and Wang, Wei and Xing, Houjuan and Xu, Shiwen}, 
journal = {Fish \& Shellfish Immunology}, 
issn = {1050-4648}, 
doi = {10.1016/j.fsi.2019.07.022}, 
pmid = {31310849}, 
pages = {1093--1099}, 
volume = {93}
}
@article{Jin2019,
year = {2019}, 
title = {{Downregulation of miR-200c stabilizes XIAP mRNA and contributes to invasion and lung metastasis of bladder cancer}}, 
author = {Jin, Honglei and Xue, Lei and Mo, Lan and Zhang, Dongyun and Guo, Xirui and Xu, Jiheng and Li, Jingxia and Peng, Minggang and Zhao, Xuewei and Zhong, Minghao and Xu, Dazhong and Wu, Xue-Ru and Huang, Haishan and Huang, Chuanshu}, 
journal = {Cell Adhesion \& Migration}, 
issn = {1933-6918}, 
doi = {10.1080/19336918.2019.1633851}, 
pmid = {31240993}, 
pages = {236--248},
number = {1}, 
volume = {13}
}
@article{Xu2015,
year = {2015}, 
title = {{Snail Is a Direct Target of Hypoxia-inducible Factor 1a (HIF1a) in Hypoxia-induced Endothelial to Mesenchymal Transition of Human Coronary Endothelial Cells*}}, 
author = {Xu, Xingbo and Tan, Xiaoying and Tampe, Björn and Sanchez, Elisa and Zeisberg, Michael and Zeisberg, Elisabeth M.}, 
journal = {Journal of Biological Chemistry}, 
issn = {0021-9258}, 
doi = {10.1074/jbc.m115.636944}, 
pmid = {25971970}, 
pmcid = {PMC4505417}, 
pages = {16653--16664}, 
number = {27}, 
volume = {290}
}
@article{Shang2017,
year = {2017}, 
title = {{HIF-1a/Ascl2/miR-200b regulatory feedback circuit modulated the epithelial-mesenchymal transition (EMT) in colorectal cancer cells}}, 
author = {Shang, Yangyang and Chen, Haoyuan and Ye, Jun and Wei, Xiaolong and Liu, Shanxi and Wang, Rongquan}, 
journal = {Experimental Cell Research}, 
issn = {0014-4827}, 
doi = {10.1016/j.yexcr.2017.09.014}, 
pmid = {28899657}, 
pages = {243--256},
number = {2}, 
volume = {360}
}
@article{Wang2018,
year = {2018}, 
title = {{TP53INP1 inhibits hypoxia‐induced vasculogenic mimicry formation via the ROS/snail signalling axis in breast cancer}}, 
author = {Wang, Yi and Sun, Huizhi and Zhang, Danfang and Fan, Dan and Zhang, Yanhui and Dong, Xueyi and Liu, Shiqi and Yang, Zhao and Ni, Chunsheng and Li, Yanlei and Liu, Fang and Zhao, Xiulan}, 
journal = {Journal of Cellular and Molecular Medicine}, 
issn = {1582-1838}, 
doi = {10.1111/jcmm.13625}, 
pmid = {29655255}, 
pages = {3475--3488}, 
number = {7}, 
volume = {22}
}
@article{Ngo2016,
year = {2016}, 
title = {{Helicobacter pylori induces Snail expression through ROS‐mediated activation of Erk and inactivation of GSK‐3B in human gastric cancer cells}}, 
author = {Ngo, Hoang‐Kieu‐Chi and Lee, Hee Geum and Piao, Juan‐Yu and Zhong, Xiancai and Lee, Ha‐Na and Han, Hyeong‐Jun and Kim, Wonki and Kim, Do‐Hee and Cha, Young‐Nam and Na, Hye‐Kyung and Surh, Young‐Joon}, 
journal = {Molecular Carcinogenesis}, 
issn = {1098-2744}, 
doi = {10.1002/mc.22464}, 
pmid = {26808296}, 
pages = {2236--2246}, 
number = {12}, 
volume = {55}
}
@article{Meng2018,
year = {2018}, 
title = {{Abrogation of glutathione peroxidase-1 drives EMT and chemoresistance in pancreatic cancer by activating ROS-mediated Akt/GSK3B/Snail signaling}}, 
author = {Meng, Qingcai and Shi, Si and Liang, Chen and Liang, Dingkong and Hua, Jie and Zhang, Bo and Xu, Jin and Yu, Xianjun}, 
journal = {Oncogene}, 
issn = {0950-9232}, 
doi = {10.1038/s41388-018-0392-z}, 
pmid = {29980787}, 
pages = {5843--5857}, 
number = {44}, 
volume = {37}
}
@article{Yuan2016,
year = {2016}, 
title = {{HBV-induced ROS accumulation promotes hepatocarcinogenesis through Snail-mediated epigenetic silencing of SOCS3}}, 
author = {Yuan, K and Lei, Y and Chen, H-N and Chen, Y and Zhang, T and Li, K and Xie, N and Wang, K and Feng, X and Pu, Q and Yang, W and Wu, M and Xiang, R and Nice, E C and Wei, Y and Huang, C}, 
journal = {Cell Death \& Differentiation}, 
issn = {1350-9047}, 
doi = {10.1038/cdd.2015.129}, 
pmid = {26794444}, 
pmcid = {PMC4986634}, 
pages = {616--627}, 
number = {4}, 
volume = {23}
}
@article{Bocci2018,
year = {2018}, 
title = {{A mechanism-based computational model to capture the interconnections among epithelial-mesenchymal transition, cancer stem cells and Notch-Jagged signaling}}, 
author = {Bocci, Federico and Jolly, Mohit Kumar and George, Jason Thomas and Levine, Herbert and Onuchic, José Nelson}, 
journal = {Oncotarget}, 
doi = {10.18632/oncotarget.25692}, 
pmid = {30042822}, 
pmcid = {PMC6057462}, 
pages = {29906--29920},
number = {52}, 
volume = {9}
}
@article{Lu2013,
year = {2013}, 
title = {{MicroRNA-based regulation of epithelial–hybrid–mesenchymal fate determination}}, 
author = {Lu, Mingyang and Jolly, Mohit Kumar and Levine, Herbert and Onuchic, José N. and Ben-Jacob, Eshel}, 
journal = {Proceedings of the National Academy of Sciences}, 
issn = {0027-8424}, 
doi = {10.1073/pnas.1318192110}, 
pmid = {24154725}, 
pmcid = {PMC3831488}, 
pages = {18144--18149},
number = {45}, 
volume = {110}
}
@article{Yu2017,
year = {2017}, 
title = {{Modeling the Genetic Regulation of Cancer Metabolism: Interplay between Glycolysis and Oxidative Phosphorylation}}, 
author = {Yu, Linglin and Lu, Mingyang and Jia, Dongya and Ma, Jianpeng and Ben-Jacob, Eshel and Levine, Herbert and Kaipparettu, Benny Abraham and Onuchic, José N.}, 
journal = {Cancer Research}, 
issn = {0008-5472}, 
doi = {10.1158/0008-5472.can-16-2074}, 
pmid = {28202516}, 
pages = {1564--1574}, 
number = {7}, 
volume = {77}
}
@article{Jolly2015,
year = {2015}, 
title = {{Coupling the modules of EMT and stemness: A tunable ‘stemness window’ model}}, 
author = {Jolly, Mohit Kumar and Jia, Dongya and Boareto, Marcelo and Mani, Sendurai A. and Pienta, Kenneth J. and Ben-Jacob, Eshel and Levine, Herbert}, 
journal = {Oncotarget}, 
issn = {1949-2553}, 
doi = {10.18632/oncotarget.4629}, 
pmid = {26317796}, 
pmcid = {PMC4694822}, 
pages = {25161--25174},
number = {28}, 
volume = {6}
}
@article{Cichon2014,
year = {2014}, 
title = {{ROS-induced epithelial-mesenchymal transition in mammary epithelial cells is mediated by NF-kB-dependent activation of Snail}}, 
author = {Cichon, Magdalena A. and Radisky, Derek C.}, 
journal = {Oncotarget}, 
issn = {1949-2553}, 
doi = {10.18632/oncotarget.1940}, 
pmid = {24811539}, 
pmcid = {PMC4058048}, 
pages = {2827--2838},
number = {9}, 
volume = {5}
}
@article{Cheleschi2017,
year = {2017}, 
title = {{Could Oxidative Stress Regulate the Expression of MicroRNA-146a and MicroRNA-34a in Human Osteoarthritic Chondrocyte Cultures?}}, 
author = {Cheleschi, Sara and Palma, Anna De and Pascarelli, Nicola Antonio and Giordano, Nicola and Galeazzi, Mauro and Tenti, Sara and Fioravanti, Antonella}, 
journal = {International Journal of Molecular Sciences}, 
doi = {10.3390/ijms18122660}, 
pmid = {29292727}, 
pages = {2660}, 
number = {12}, 
volume = {18}
}
@article{Eades2011,
year = {2011},
title = {{miR-200a Regulates Nrf2 Activation by Targeting Keap1 mRNA in Breast Cancer Cells*}}, 
author = {Eades, Gabriel and Yang, Muhua and Yao, Yuan and Zhang, Yongshu and Zhou, Qun}, 
journal = {Journal of Biological Chemistry}, 
issn = {0021-9258}, 
doi = {10.1074/jbc.m111.275495}, 
pmid = {21926171}, 
pmcid = {PMC3220489},
pages = {40725--40733},
number = {47}, 
volume = {286}
}
@article{Dando2015,
year = {2015}, 
title = {{Antioxidant Mechanisms and ROS-Related MicroRNAs in Cancer Stem Cells}}, 
author = {Dando, Ilaria and Cordani, Marco and Pozza, Elisa Dalla and Biondani, Giulia and Donadelli, Massimo and Palmieri, Marta}, 
journal = {Oxidative Medicine and Cellular Longevity}, 
issn = {1942-0900}, 
doi = {10.1155/2015/425708}, 
pmid = {26064420}, 
pmcid = {PMC4429193}, 
pages = {1--13}, 
volume = {2015}
}
@article{Bai2011,
year = {2011}, 
title = {{miR-335 and miR-34a Promote Renal Senescence by Suppressing Mitochondrial Antioxidative Enzymes}}, 
author = {Bai, Xue-Yuan and Ma, Yuxiang and Ding, Rui and Fu, Bo and Shi, Suozhu and Chen, Xiang-Mei}, 
journal = {Journal of the American Society of Nephrology}, 
issn = {1046-6673}, 
doi = {10.1681/asn.2010040367}, 
pmid = {21719785}, 
pmcid = {PMC3137573}, 
pages = {1252--1261}, 
number = {7},
volume = {22}
}

@article{Do2014,
year = {2014}, 
title = {{Metformin induces microRNA-34a to downregulate the Sirt1/Pgc-1a/Nrf2 pathway, leading to increased susceptibility of wild-type p53 cancer cells to oxidative stress and therapeutic agents}}, 
author = {Do, Minh Truong and Kim, Hyung Gyun and Choi, Jae Ho and Jeong, Hye Gwang}, 
journal = {Free Radical Biology and Medicine}, 
issn = {0891-5849}, 
doi = {10.1016/j.freeradbiomed.2014.06.010}, 
pmid = {24970682}, 
pages = {21--34}, 
volume = {74}, 
}
@article{Baker2016,
year = {2016}, 
title = {{Oxidative stress dependent microRNA-34a activation via PI3Ka reduces the expression of sirtuin-1 and sirtuin-6 in epithelial cells}}, 
author = {Baker, J. R. and Vuppusetty, C. and Colley, T. and Papaioannou, Andriana I. and Fenwick, P. and Donnelly, Louise and Ito, K. and Barnes, P. J.}, 
journal = {Scientific Reports}, 
doi = {10.1038/srep35871}, 
pmid = {27767101}, 
pages = {35871}, 
number = {1}, 
volume = {6}, 
}
@article{He2020,
year = {2020}, 
title = {{NRF2, a Transcription Factor for Stress Response and Beyond}}, 
author = {He, Feng and Ru, Xiaoli and Wen, Tao}, 
journal = {International Journal of Molecular Sciences}, 
doi = {10.3390/ijms21134777}, 
pmid = {32640524}, 
pages = {4777}, 
number = {13}, 
volume = {21}, 
}
@article{Na2011,
year = {2011}, 
title = {{Increased expression of miR-34a and miR-93 in rat liver during aging, and their impact on the expression of Mgst1 and Sirt1}}, 
author = {Li, Na and Muthusamy, Senthilkumar and Liang, Ruqiang and Sarojini, Harshini and Wang, Eugenia}, 
journal = {Mechanisms of Ageing and Development}, 
issn = {0047-6374}, 
doi = {10.1016/j.mad.2010.12.004}, 
pmid = {21216258}, 
pages = {75--85}, 
number = {3}, 
volume = {132}, 
}
@article{Bartoszewska2015,
year = {2015}, 
title = {{The hypoxia‐inducible miR‐429 regulates hypoxia‐inducible factor‐1a expression in human endothelial cells through a negative feedback loop}}, 
author = {Bartoszewska, Sylwia and Rochan, Kinga and Piotrowski, Arkadiusz and Kamysz, Wojciech and Ochocka, Renata J. and Collawn, James F. and Bartoszewski, Rafal}, 
journal = {The FASEB Journal}, 
issn = {0892-6638}, 
doi = {10.1096/fj.14-267054}, 
pmid = {25550463}, 
pmcid = {PMC4396612}, 
pages = {1467--1479}, 
number = {4}, 
volume = {29}, 
}
@article{Serocki2018,
year = {2018}, 
title = {{miRNAs regulate the HIF switch during hypoxia: a novel therapeutic target}}, 
author = {Serocki, Marcin and Bartoszewska, Sylwia and Janaszak-Jasiecka, Anna and Ochocka, Renata J. and Collawn, James F. and Bartoszewski, Rafał}, 
journal = {Angiogenesis}, 
issn = {0969-6970}, 
doi = {10.1007/s10456-018-9600-2}, 
pmid = {29383635}, 
pages = {183--202}, 
number = {2}, 
volume = {21}, 
}
@article{Poon2018,
year = {2018}, 
title = {{Integrated transcriptomic and regulatory network analyses identify microRNA-200c as a novel repressor of human pluripotent stem cell-derived cardiomyocyte differentiation and maturation}}, 
author = {Poon, Ellen Ngar-yun and Hao, Baixia and Guan, Daogang and Li, Mulin Jun and Lu, Jun and Yang, Yong and Wu, Binbin and Wu, Stanley Chun-ming and Webb, Sarah E and Liang, Yan and Miller, Andrew L and Yao, Xiaoqiang and Wang, Junwen and Yan, Bin and Boheler, Kenneth R}, 
journal = {Cardiovascular Research}, 
issn = {0008-6363}, 
doi = {10.1093/cvr/cvy019}, 
pmid = {29373717}, 
pages = {894--906}, 
number = {6}, 
volume = {114}, 
}
@article{Liu2015b,
year = {2015}, 
title = {{Reciprocal regulation of TGF-B and reactive oxygen species: A perverse cycle for fibrosis}}, 
author = {Liu, Rui-Ming and Desai, Leena P.}, 
journal = {Redox Biology}, 
issn = {2213-2317}, 
doi = {10.1016/j.redox.2015.09.009}, 
pmid = {26496488}, 
pmcid = {PMC4625010}, 
pages = {565--577}, 
volume = {6}, 
}
@article{Dang2009,
year = {2009}, 
title = {{MYC-Induced Cancer Cell Energy Metabolism and Therapeutic Opportunities}}, 
author = {Dang, Chi V. and Le, Anne and Gao, Ping}, 
journal = {Clinical Cancer Research}, 
issn = {1078-0432}, 
doi = {10.1158/1078-0432.ccr-09-0889}, 
pmid = {19861459}, 
pmcid = {PMC2783410}, 
pages = {6479--6483}, 
number = {21}, 
volume = {15}, 
}
@article{Georgakopoulos-Soares2020,
year = {2020}, 
title = {{EMT Factors and Metabolic Pathways in Cancer}}, 
author = {Georgakopoulos-Soares, Ilias and Chartoumpekis, Dionysios V. and Kyriazopoulou, Venetsana and Zaravinos, Apostolos}, 
journal = {Frontiers in Oncology}, 
issn = {2234-943X}, 
doi = {10.3389/fonc.2020.00499}, 
pmid = {32318352}, 
pages = {499}, 
volume = {10}, 
}
@article{Thakur2015,
year = {2015}, 
title = {{Activation of AMP-Activated Protein Kinase Prevents TGF-B1–Induced Epithelial-Mesenchymal Transition and Myofibroblast Activation}}, 
author = {Thakur, Sachin and Viswanadhapalli, Suryavathi and Kopp, Jeffrey B. and Shi, Qian and Barnes, Jeffrey L. and Block, Karen and Gorin, Yves and Abboud, Hanna E.}, 
journal = {The American Journal of Pathology}, 
issn = {0002-9440}, 
doi = {10.1016/j.ajpath.2015.04.014}, 
pmid = {26071397}, 
pmcid = {PMC4530134}, 
pages = {2168--2180}, 
number = {8}, 
volume = {185}, 
}
@article{Zhang2014,
year = {2014}, 
title = {{P53/microRNA-34-induced metabolic regulation: new opportunities in anticancer therapy}}, 
author = {Zhang, Ding-Guo and Zheng, Jun-Nian and Pei, Dong-Sheng}, 
journal = {Molecular Cancer}, 
doi = {10.1186/1476-4598-13-115}, 
pmid = {24884974}, 
pages = {115}, 
number = {1}, 
volume = {13}, 
}
@article{Jiang2015,
year = {2015}, 
title = {{Metabolic reprogramming during TGFB1-induced epithelial-to-mesenchymal transition}}, 
author = {Jiang, L and Xiao, L and Sugiura, H and Huang, X and Ali, A and Kuro-o, M and Deberardinis, R J and Boothman, D A}, 
journal = {Oncogene}, 
issn = {0950-9232}, 
doi = {10.1038/onc.2014.321}, 
pmid = {25284588}, 
pmcid = {PMC4387121}, 
pages = {3908--3916}, 
number = {30}, 
volume = {34}, 
}
@article{Peeters2017,
year = {2017}, 
title = {{Fructose-1,6-bisphosphate couples glycolytic flux to activation of Ras}}, 
author = {Peeters, Ken and Leemputte, Frederik Van and Fischer, Baptiste and Bonini, Beatriz M. and Quezada, Hector and Tsytlonok, Maksym and Haesen, Dorien and Vanthienen, Ward and Bernardes, Nuno and Gonzalez-Blas, Carmen Bravo and Janssens, Veerle and Tompa, Peter and Versées, Wim and Thevelein, Johan M.}, 
journal = {Nature Communications}, 
doi = {10.1038/s41467-017-01019-z}, 
pmid = {29030545}, 
pages = {922}, 
number = {1}, 
volume = {8}, 
}
@article{Bhowmik2015,
year = {2015}, 
title = {{EMT-induced metabolite signature identifies poor clinical outcome}}, 
author = {Bhowmik, Salil Kumar and Ramirez-Peña, Esmeralda and Arnold, James Michael and Putluri, Vasanta and Sphyris, Nathalie and Michailidis, George and Putluri, Nagireddy and Ambs, Stefan and Sreekumar, Arun and Mani, Sendurai A.}, 
journal = {Oncotarget}, 
issn = {1949-2553}, 
doi = {10.18632/oncotarget.4765}, 
pmid = {26315396}, 
pmcid = {PMC4767460}, 
pages = {42651--42660}, 
number = {40}, 
volume = {6}, 
}
@article{Gaude2016,
year = {2016}, 
title = {{Tissue-specific and convergent metabolic transformation of cancer correlates with metastatic potential and patient survival}}, 
author = {Gaude, Edoardo and Frezza, Christian}, 
journal = {Nature Communications}, 
doi = {10.1038/ncomms13041}, 
pmid = {27721378}, 
pages = {13041}, 
number = {1}, 
volume = {7}, 
}
@article{Farris2016,
year = {2016}, 
title = {{Grainyhead-like 2 Reverses the Metabolic Changes Induced by the Oncogenic Epithelial–Mesenchymal Transition: Effects on Anoikis}}, 
author = {Farris, Joshua C. and Pifer, Phillip M. and Zheng, Liang and Gottlieb, Eyal and Denvir, James and Frisch, Steven M.}, 
journal = {Molecular Cancer Research}, 
issn = {1541-7786}, 
doi = {10.1158/1541-7786.mcr-16-0050}, 
pmid = {27084311}, 
pmcid = {PMC4912396}, 
pages = {528--538}, 
number = {6}, 
volume = {14}, 
}
@article{Janin2016,
year = {2016}, 
title = {{Oncometabolite Accumulation and Epithelial-to-Mesenchymal Transition: The Turn of Fumarate}}, 
author = {Janin, Maxime and Esteller, Manel}, 
journal = {Cell Metabolism}, 
issn = {1550-4131}, 
doi = {10.1016/j.cmet.2016.09.020}, 
pmid = {27732835}, 
pages = {529--530}, 
number = {4}, 
volume = {24}, 
}
@article{Youssef2020,
year = {2020}, 
title = {{Glucose Metabolism Takes Center Stage in Epithelial-Mesenchymal Plasticity}}, 
author = {Youssef, Khalil Kass and Nieto, M. Angela}, 
journal = {Developmental Cell}, 
issn = {1534-5807}, 
doi = {10.1016/j.devcel.2020.03.021}, 
pmid = {32315608}, 
pages = {133--135}, 
number = {2}, 
volume = {53}, 
}
@article{Bhattacharya2020,
year = {2020}, 
title = {{Metabolic Reprogramming Promotes Neural Crest Migration via Yap/Tead Signaling}}, 
author = {Bhattacharya, Debadrita and Azambuja, Ana Paula and Simoes-Costa, Marcos}, 
journal = {Developmental Cell}, 
issn = {1534-5807}, 
doi = {10.1016/j.devcel.2020.03.005}, 
pmid = {32243782}, 
pages = {199--211.e6}, 
number = {2}, 
volume = {53}, 
} 
@article{Rhodes2015,
year = {2015}, 
title = {{Regulation of triple-negative breast cancer cell metastasis by the tumor-suppressor liver kinase B1}}, 
author = {Rhodes, L V and Tate, C R and Hoang, V T and Burks, H E and Gilliam, D and Martin, E C and Elliott, S and Miller, D B and Buechlein, A and Rusch, D and Tang, H and Nephew, K P and Burow, M E and Collins-Burow, B M}, 
journal = {Oncogenesis}, 
doi = {10.1038/oncsis.2015.27}, 
pmid = {26436950}, 
pmcid = {PMC4632088}, 
pages = {e168--e168}, 
number = {10}, 
volume = {4}, 
} 
@article{Sciacovelli2016,
year = {2016}, 
title = {{Fumarate is an epigenetic modifier that elicits epithelial-to-mesenchymal transition}}, 
author = {Sciacovelli, Marco and Gonçalves, Emanuel and Johnson, Timothy Isaac and Zecchini, Vincent Roberto and Costa, Ana Sofia Henriques da and Gaude, Edoardo and Drubbel, Alizee Vercauteren and Theobald, Sebastian Julian and Abbo, Sandra Riekje and Tran, Maxine Gia Binh and Rajeeve, Vinothini and Cardaci, Simone and Foster, Sarah and Yun, Haiyang and Cutillas, Pedro and Warren, Anne and Gnanapragasam, Vincent and Gottlieb, Eyal and Franze, Kristian and Huntly, Brian and Maher, Eamonn Richard and Maxwell, Patrick Henry and Saez-Rodriguez, Julio and Frezza, Christian}, 
journal = {Nature}, 
issn = {0028-0836}, 
doi = {10.1038/nature19353}, 
pmid = {27580029}, 
pages = {544--547}, 
number = {7621}, 
volume = {537}, 
}
@article{Shagieva2014,
year = {2014}, 
title = {{Depletion of mitochondrial reactive oxygen species downregulates epithelial-to-mesenchymal transition in cervical cancer cells}}, 
author = {Shagieva, Galina and Domnina, Lidiya and Makarevich, Olga and Chernyak, Boris and Skulachev, Vladimir and Dugina, Vera}, 
journal = {Oncotarget}, 
issn = {1949-2553}, 
doi = {10.18632/oncotarget.13612}, 
pmid = {27902484}, 
pages = {4901--4913}, 
number = {0}, 
volume = {5}, 
}
@article{Sun2014,
year = {2014}, 
title = {{Metabolic and transcriptional profiling reveals pyruvate dehydrogenase kinase 4 as a mediator of epithelial-mesenchymal transition and drug resistance in tumor cells}}, 
author = {Sun, Yuting and Daemen, Anneleen and Hatzivassiliou, Georgia and Arnott, David and Wilson, Catherine and Zhuang, Guanglei and Gao, Min and Liu, Peter and Boudreau, Aaron and Johnson, Leisa and Settleman, Jeff}, 
journal = {Cancer \& Metabolism}, 
issn = {2049-3002}, 
doi = {10.1186/2049-3002-2-20}, 
pmid = {25379179}, 
pmcid = {PMC4221711}, 
pages = {20}, 
number = {1}, 
volume = {2}, 
}
@article{Steven2016,
year = {2016}, 
title = {{Control of CREB expression in tumors: from molecular mechanisms and signal transduction pathways to therapeutic target}}, 
author = {Steven, André and Seliger, Barbara}, 
journal = {Oncotarget}, 
issn = {1949-2553}, 
doi = {10.18632/oncotarget.7721}, 
pmid = {26934558}, 
pages = {35454--35465}, 
number = {23}, 
volume = {7}, 
}
@article{Huang2015,
year = {2015}, 
title = {{AMPK Plays a Dual Role in Regulation of CREB/BDNF Pathway in Mouse Primary Hippocampal Cells}}, 
author = {Huang, Weidong and Cao, Jie and Liu, Xiaobin and Meng, Facai and Li, Min and Chen, Bo and Zhang, Jie}, 
journal = {Journal of Molecular Neuroscience}, 
issn = {0895-8696}, 
doi = {10.1007/s12031-015-0500-2}, 
pmid = {25645685}, 
pages = {782--788}, 
number = {4}, 
volume = {56}, 
note = {AMPK downregulates CREB via upregulation of Sirt1}, 
}
@article{Ren2019,
year = {2019}, 
title = {{The role of different SIRT1-mediated signaling pathways in toxic injury}}, 
author = {Ren, Zhihua and He, Hongyi and Zuo, Zhicai and Xu, Zhiwen and Wei, Zhanyong and Deng, Junliang}, 
journal = {Cellular \& Molecular Biology Letters}, 
issn = {1425-8153}, 
doi = {10.1186/s11658-019-0158-9}, 
pmid = {31164908}, 
pages = {36}, 
number = {1},
volume = {24}
}
@article{Luo2018,
year = {2018}, 
title = {{Targeting Breast Cancer Stem Cell State Equilibrium through Modulation of Redox Signaling}}, 
author = {Luo, Ming and Shang, Li and Brooks, Michael D. and Jiagge, Evelyn and Zhu, Yongyou and Buschhaus, Johanna M. and Conley, Sarah and Fath, Melissa A. and Davis, April and Gheordunescu, Elizabeth and Wang, Yongfang and Harouaka, Ramdane and Lozier, Ann and Triner, Daniel and McDermott, Sean and Merajver, Sofia D. and Luker, Gary D. and Spitz, Douglas R. and Wicha, Max S.}, 
journal = {Cell Metabolism}, 
issn = {1550-4131}, 
doi = {10.1016/j.cmet.2018.06.006}, 
pmid = {29972798}, 
pages = {69--86.e6},
number = {1}, 
volume = {28}
}
@article{Chou2017,
year = {2017}, 
title = {{A Quinone-Containing Compound Enhances Camptothecin-Induced Apoptosis of Lung Cancer Through Modulating Endogenous ROS and ERK Signaling}}, 
author = {Chou, Han-Lin and Fong, Yao and Wei, Chi-Ku and Tsai, Eing-Mei and Chen, Jeff Yi-Fu and Chang, Wen-Tsan and Wu, Chang-Yi and Huang, Hurng-Wern and Chiu, Chien-Chih}, 
journal = {Archivum Immunologiae et Therapiae Experimentalis}, 
issn = {0004-069X}, 
doi = {10.1007/s00005-016-0424-8}, 
pmid = {27677293}, 
pages = {241--252},
number = {3}, 
volume = {65}
}
@article{Kovac2015,
year = {2015}, 
title = {{Nrf2 regulates ROS production by mitochondria and NADPH oxidase}}, 
author = {Kovac, Stjepana and Angelova, Plamena R. and Holmström, Kira M. and Zhang, Ying and Dinkova-Kostova, Albena T. and Abramov, Andrey Y.}, 
journal = {Biochimica et Biophysica Acta (BBA) - General Subjects}, 
issn = {0304-4165}, 
doi = {10.1016/j.bbagen.2014.11.021}, 
pmid = {25484314}, 
pmcid = {PMC4471129}, 
pages = {794--801}, 
number = {4}, 
volume = {1850}
}
@article{Tu2019,
year = {2019}, 
title = {{MiR-34c acts as a tumor suppressor in non-small cell lung cancer by inducing endoplasmic reticulum stress through targeting HMGB1}}, 
author = {Tu, Li and Long, Xiang and Song, Weidong and Lv, Zhongdong and Zeng, Huadong and Wang, Tiezhu and Liu, Xianglu and Dong, Juanni and Xu, Ping}, 
journal = {OncoTargets and Therapy}, 
issn = {1178-6930}, 
doi = {10.2147/ott.s206932}, 
pmid = {31410019}, 
pages = {5729--5739}, 
volume = {12}
}
@article{Byun2019,
year = {2019}, 
title = {{MiR-200c downregulates HIF-1a and inhibits migration of lung cancer cells}}, 
author = {Byun, Yuree and Choi, Young-Chul and Jeong, Yunhui and Lee, Gangtae and Yoon, Sena and Jeong, Yongsu and Yoon, Jaeseung and Baek, Kwanghee}, 
journal = {Cellular \& Molecular Biology Letters}, 
issn = {1425-8153}, 
doi = {10.1186/s11658-019-0152-2}, 
pmid = {31061665}, 
pages = {28}, 
number = {1},
volume = {24}
}
@article{Liu2015,
year = {2015}, 
title = {{Role of miR-182 in response to oxidative stress in the cell fate of human fallopian tube epithelial cells}}, 
author = {Liu, Yugang and Qiang, Wenan and Xu, Xiaofei and Dong, Ruifen and Karst, Alison M. and Liu, Zhaojian and Kong, Beihua and Drapkin, Ronny I. and Wei, Jian-Jun}, 
journal = {Oncotarget}, 
issn = {1949-2553}, 
doi = {10.18632/oncotarget.5493}, 
pmid = {26472020}, 
pmcid = {PMC4770751}, 
pages = {38983--38998}, 
number = {36}, 
volume = {6}
}
@article{Chou2014,
year = {2014}, 
title = {{AMPK Reverses the Mesenchymal Phenotype of Cancer Cells by Targeting the Akt–MDM2–Foxo3a Signaling Axis}}, 
author = {Chou, Chih-Chien and Lee, Kuen-Haur and Lai, I-Lu and Wang, Dasheng and Mo, Xiaokui and Kulp, Samuel K. and Shapiro, Charles L. and Chen, Ching-Shih}, 
journal = {Cancer Research}, 
issn = {0008-5472}, 
doi = {10.1158/0008-5472.can-14-0135}, 
pmid = {24994714}, 
pmcid = {PMC4155002}, 
pages = {4783--4795},
number = {17}, 
volume = {74}
}
@article{Ohshima2019,
year = {2019}, 
title = {{Streptococcus gordonii programs epithelial cells to resist ZEB2 induction by Porphyromonas gingivalis}}, 
author = {Ohshima, Jun and Wang, Qian and Fitzsimonds, Zackary R. and Miller, Daniel P. and Sztukowska, Maryta N. and Jung, Young-Jung and Hayashi, Mikako and Whiteley, Marvin and Lamont, Richard J.}, 
journal = {Proceedings of the National Academy of Sciences}, 
issn = {0027-8424}, 
doi = {10.1073/pnas.1900101116}, 
pmid = {30971493}, 
pages = {201900101},
number = {17}, 
volume = {116}
}
@article{Zhang2019,
year = {2019}, 
title = {{Chlorpyrifos induced oxidative stress to promote apoptosis and autophagy through the regulation of miR-19a-AMPK axis in common carp}}, 
author = {Zhang, Qiaojian and Zheng, Shufang and Wang, Shengchen and Wang, Wei and Xing, Houjuan and Xu, Shiwen}, 
journal = {Fish \& Shellfish Immunology}, 
issn = {1050-4648}, 
doi = {10.1016/j.fsi.2019.07.022}, 
pmid = {31310849}, 
pages = {1093--1099}, 
volume = {93}
}
@article{Jin2019,
year = {2019}, 
title = {{Downregulation of miR-200c stabilizes XIAP mRNA and contributes to invasion and lung metastasis of bladder cancer}}, 
author = {Jin, Honglei and Xue, Lei and Mo, Lan and Zhang, Dongyun and Guo, Xirui and Xu, Jiheng and Li, Jingxia and Peng, Minggang and Zhao, Xuewei and Zhong, Minghao and Xu, Dazhong and Wu, Xue-Ru and Huang, Haishan and Huang, Chuanshu}, 
journal = {Cell Adhesion \& Migration}, 
issn = {1933-6918}, 
doi = {10.1080/19336918.2019.1633851}, 
pmid = {31240993}, 
pages = {236--248},
number = {1}, 
volume = {13}
}
@article{Xu2015,
year = {2015}, 
title = {{Snail Is a Direct Target of Hypoxia-inducible Factor 1a (HIF1a) in Hypoxia-induced Endothelial to Mesenchymal Transition of Human Coronary Endothelial Cells*}}, 
author = {Xu, Xingbo and Tan, Xiaoying and Tampe, Björn and Sanchez, Elisa and Zeisberg, Michael and Zeisberg, Elisabeth M.}, 
journal = {Journal of Biological Chemistry}, 
issn = {0021-9258}, 
doi = {10.1074/jbc.m115.636944}, 
pmid = {25971970}, 
pmcid = {PMC4505417}, 
pages = {16653--16664}, 
number = {27}, 
volume = {290}
}
@article{Shang2017,
year = {2017}, 
title = {{HIF-1a/Ascl2/miR-200b regulatory feedback circuit modulated the epithelial-mesenchymal transition (EMT) in colorectal cancer cells}}, 
author = {Shang, Yangyang and Chen, Haoyuan and Ye, Jun and Wei, Xiaolong and Liu, Shanxi and Wang, Rongquan}, 
journal = {Experimental Cell Research}, 
issn = {0014-4827}, 
doi = {10.1016/j.yexcr.2017.09.014}, 
pmid = {28899657}, 
pages = {243--256},
number = {2}, 
volume = {360}
}
@article{Wang2018,
year = {2018}, 
title = {{TP53INP1 inhibits hypoxia‐induced vasculogenic mimicry formation via the ROS/snail signalling axis in breast cancer}}, 
author = {Wang, Yi and Sun, Huizhi and Zhang, Danfang and Fan, Dan and Zhang, Yanhui and Dong, Xueyi and Liu, Shiqi and Yang, Zhao and Ni, Chunsheng and Li, Yanlei and Liu, Fang and Zhao, Xiulan}, 
journal = {Journal of Cellular and Molecular Medicine}, 
issn = {1582-1838}, 
doi = {10.1111/jcmm.13625}, 
pmid = {29655255}, 
pages = {3475--3488}, 
number = {7}, 
volume = {22}
}
@article{Ngo2016,
year = {2016}, 
title = {{Helicobacter pylori induces Snail expression through ROS‐mediated activation of Erk and inactivation of GSK‐3B in human gastric cancer cells}}, 
author = {Ngo, Hoang‐Kieu‐Chi and Lee, Hee Geum and Piao, Juan‐Yu and Zhong, Xiancai and Lee, Ha‐Na and Han, Hyeong‐Jun and Kim, Wonki and Kim, Do‐Hee and Cha, Young‐Nam and Na, Hye‐Kyung and Surh, Young‐Joon}, 
journal = {Molecular Carcinogenesis}, 
issn = {1098-2744}, 
doi = {10.1002/mc.22464}, 
pmid = {26808296}, 
pages = {2236--2246}, 
number = {12}, 
volume = {55}
}
@article{Meng2018,
year = {2018}, 
title = {{Abrogation of glutathione peroxidase-1 drives EMT and chemoresistance in pancreatic cancer by activating ROS-mediated Akt/GSK3B/Snail signaling}}, 
author = {Meng, Qingcai and Shi, Si and Liang, Chen and Liang, Dingkong and Hua, Jie and Zhang, Bo and Xu, Jin and Yu, Xianjun}, 
journal = {Oncogene}, 
issn = {0950-9232}, 
doi = {10.1038/s41388-018-0392-z}, 
pmid = {29980787}, 
pages = {5843--5857}, 
number = {44}, 
volume = {37}
}
@article{Yuan2016,
year = {2016}, 
title = {{HBV-induced ROS accumulation promotes hepatocarcinogenesis through Snail-mediated epigenetic silencing of SOCS3}}, 
author = {Yuan, K and Lei, Y and Chen, H-N and Chen, Y and Zhang, T and Li, K and Xie, N and Wang, K and Feng, X and Pu, Q and Yang, W and Wu, M and Xiang, R and Nice, E C and Wei, Y and Huang, C}, 
journal = {Cell Death \& Differentiation}, 
issn = {1350-9047}, 
doi = {10.1038/cdd.2015.129}, 
pmid = {26794444}, 
pmcid = {PMC4986634}, 
pages = {616--627}, 
number = {4}, 
volume = {23}
}
@article{Bocci2018,
year = {2018}, 
title = {{A mechanism-based computational model to capture the interconnections among epithelial-mesenchymal transition, cancer stem cells and Notch-Jagged signaling}}, 
author = {Bocci, Federico and Jolly, Mohit Kumar and George, Jason Thomas and Levine, Herbert and Onuchic, José Nelson}, 
journal = {Oncotarget}, 
doi = {10.18632/oncotarget.25692}, 
pmid = {30042822}, 
pmcid = {PMC6057462}, 
pages = {29906--29920},
number = {52}, 
volume = {9}
}
@article{Lu2013,
year = {2013}, 
title = {{MicroRNA-based regulation of epithelial–hybrid–mesenchymal fate determination}}, 
author = {Lu, Mingyang and Jolly, Mohit Kumar and Levine, Herbert and Onuchic, José N. and Ben-Jacob, Eshel}, 
journal = {Proceedings of the National Academy of Sciences}, 
issn = {0027-8424}, 
doi = {10.1073/pnas.1318192110}, 
pmid = {24154725}, 
pmcid = {PMC3831488}, 
pages = {18144--18149},
number = {45}, 
volume = {110}
}
@article{Yu2017,
year = {2017}, 
title = {{Modeling the Genetic Regulation of Cancer Metabolism: Interplay between Glycolysis and Oxidative Phosphorylation}}, 
author = {Yu, Linglin and Lu, Mingyang and Jia, Dongya and Ma, Jianpeng and Ben-Jacob, Eshel and Levine, Herbert and Kaipparettu, Benny Abraham and Onuchic, José N.}, 
journal = {Cancer Research}, 
issn = {0008-5472}, 
doi = {10.1158/0008-5472.can-16-2074}, 
pmid = {28202516}, 
pages = {1564--1574}, 
number = {7}, 
volume = {77}
}
@article{Jolly2015,
year = {2015}, 
title = {{Coupling the modules of EMT and stemness: A tunable ‘stemness window’ model}}, 
author = {Jolly, Mohit Kumar and Jia, Dongya and Boareto, Marcelo and Mani, Sendurai A. and Pienta, Kenneth J. and Ben-Jacob, Eshel and Levine, Herbert}, 
journal = {Oncotarget}, 
issn = {1949-2553}, 
doi = {10.18632/oncotarget.4629}, 
pmid = {26317796}, 
pmcid = {PMC4694822}, 
pages = {25161--25174},
number = {28}, 
volume = {6}
}
@article{Cichon2014,
year = {2014}, 
title = {{ROS-induced epithelial-mesenchymal transition in mammary epithelial cells is mediated by NF-kB-dependent activation of Snail}}, 
author = {Cichon, Magdalena A. and Radisky, Derek C.}, 
journal = {Oncotarget}, 
issn = {1949-2553}, 
doi = {10.18632/oncotarget.1940}, 
pmid = {24811539}, 
pmcid = {PMC4058048}, 
pages = {2827--2838},
number = {9}, 
volume = {5}
}
@article{Cheleschi2017,
year = {2017}, 
title = {{Could Oxidative Stress Regulate the Expression of MicroRNA-146a and MicroRNA-34a in Human Osteoarthritic Chondrocyte Cultures?}}, 
author = {Cheleschi, Sara and Palma, Anna De and Pascarelli, Nicola Antonio and Giordano, Nicola and Galeazzi, Mauro and Tenti, Sara and Fioravanti, Antonella}, 
journal = {International Journal of Molecular Sciences}, 
doi = {10.3390/ijms18122660}, 
pmid = {29292727}, 
pages = {2660}, 
number = {12}, 
volume = {18}
}
@article{Eades2011,
year = {2011},
title = {{miR-200a Regulates Nrf2 Activation by Targeting Keap1 mRNA in Breast Cancer Cells*}}, 
author = {Eades, Gabriel and Yang, Muhua and Yao, Yuan and Zhang, Yongshu and Zhou, Qun}, 
journal = {Journal of Biological Chemistry}, 
issn = {0021-9258}, 
doi = {10.1074/jbc.m111.275495}, 
pmid = {21926171}, 
pmcid = {PMC3220489},
pages = {40725--40733},
number = {47}, 
volume = {286}
}
@article{Dando2015,
year = {2015}, 
title = {{Antioxidant Mechanisms and ROS-Related MicroRNAs in Cancer Stem Cells}}, 
author = {Dando, Ilaria and Cordani, Marco and Pozza, Elisa Dalla and Biondani, Giulia and Donadelli, Massimo and Palmieri, Marta}, 
journal = {Oxidative Medicine and Cellular Longevity}, 
issn = {1942-0900}, 
doi = {10.1155/2015/425708}, 
pmid = {26064420}, 
pmcid = {PMC4429193}, 
pages = {1--13}, 
volume = {2015}
}
@article{Bai2011,
year = {2011}, 
title = {{miR-335 and miR-34a Promote Renal Senescence by Suppressing Mitochondrial Antioxidative Enzymes}}, 
author = {Bai, Xue-Yuan and Ma, Yuxiang and Ding, Rui and Fu, Bo and Shi, Suozhu and Chen, Xiang-Mei}, 
journal = {Journal of the American Society of Nephrology}, 
issn = {1046-6673}, 
doi = {10.1681/asn.2010040367}, 
pmid = {21719785}, 
pmcid = {PMC3137573}, 
pages = {1252--1261}, 
number = {7},
volume = {22}
}

@article{Do2014,
year = {2014}, 
title = {{Metformin induces microRNA-34a to downregulate the Sirt1/Pgc-1a/Nrf2 pathway, leading to increased susceptibility of wild-type p53 cancer cells to oxidative stress and therapeutic agents}}, 
author = {Do, Minh Truong and Kim, Hyung Gyun and Choi, Jae Ho and Jeong, Hye Gwang}, 
journal = {Free Radical Biology and Medicine}, 
issn = {0891-5849}, 
doi = {10.1016/j.freeradbiomed.2014.06.010}, 
pmid = {24970682}, 
pages = {21--34}, 
volume = {74}, 
}
@article{Baker2016,
year = {2016}, 
title = {{Oxidative stress dependent microRNA-34a activation via PI3Ka reduces the expression of sirtuin-1 and sirtuin-6 in epithelial cells}}, 
author = {Baker, J. R. and Vuppusetty, C. and Colley, T. and Papaioannou, Andriana I. and Fenwick, P. and Donnelly, Louise and Ito, K. and Barnes, P. J.}, 
journal = {Scientific Reports}, 
doi = {10.1038/srep35871}, 
pmid = {27767101}, 
pages = {35871}, 
number = {1}, 
volume = {6}, 
}
@article{He2020,
year = {2020}, 
title = {{NRF2, a Transcription Factor for Stress Response and Beyond}}, 
author = {He, Feng and Ru, Xiaoli and Wen, Tao}, 
journal = {International Journal of Molecular Sciences}, 
doi = {10.3390/ijms21134777}, 
pmid = {32640524}, 
pages = {4777}, 
number = {13}, 
volume = {21}, 
}
@article{Na2011,
year = {2011}, 
title = {{Increased expression of miR-34a and miR-93 in rat liver during aging, and their impact on the expression of Mgst1 and Sirt1}}, 
author = {Li, Na and Muthusamy, Senthilkumar and Liang, Ruqiang and Sarojini, Harshini and Wang, Eugenia}, 
journal = {Mechanisms of Ageing and Development}, 
issn = {0047-6374}, 
doi = {10.1016/j.mad.2010.12.004}, 
pmid = {21216258}, 
pages = {75--85}, 
number = {3}, 
volume = {132}, 
}
@article{Bartoszewska2015,
year = {2015}, 
title = {{The hypoxia‐inducible miR‐429 regulates hypoxia‐inducible factor‐1a expression in human endothelial cells through a negative feedback loop}}, 
author = {Bartoszewska, Sylwia and Rochan, Kinga and Piotrowski, Arkadiusz and Kamysz, Wojciech and Ochocka, Renata J. and Collawn, James F. and Bartoszewski, Rafal}, 
journal = {The FASEB Journal}, 
issn = {0892-6638}, 
doi = {10.1096/fj.14-267054}, 
pmid = {25550463}, 
pmcid = {PMC4396612}, 
pages = {1467--1479}, 
number = {4}, 
volume = {29}, 
}
@article{Serocki2018,
year = {2018}, 
title = {{miRNAs regulate the HIF switch during hypoxia: a novel therapeutic target}}, 
author = {Serocki, Marcin and Bartoszewska, Sylwia and Janaszak-Jasiecka, Anna and Ochocka, Renata J. and Collawn, James F. and Bartoszewski, Rafał}, 
journal = {Angiogenesis}, 
issn = {0969-6970}, 
doi = {10.1007/s10456-018-9600-2}, 
pmid = {29383635}, 
pages = {183--202}, 
number = {2}, 
volume = {21}, 
}
@article{Poon2018,
year = {2018}, 
title = {{Integrated transcriptomic and regulatory network analyses identify microRNA-200c as a novel repressor of human pluripotent stem cell-derived cardiomyocyte differentiation and maturation}}, 
author = {Poon, Ellen Ngar-yun and Hao, Baixia and Guan, Daogang and Li, Mulin Jun and Lu, Jun and Yang, Yong and Wu, Binbin and Wu, Stanley Chun-ming and Webb, Sarah E and Liang, Yan and Miller, Andrew L and Yao, Xiaoqiang and Wang, Junwen and Yan, Bin and Boheler, Kenneth R}, 
journal = {Cardiovascular Research}, 
issn = {0008-6363}, 
doi = {10.1093/cvr/cvy019}, 
pmid = {29373717}, 
pages = {894--906}, 
number = {6}, 
volume = {114}, 
}
@article{Liu2015b,
year = {2015}, 
title = {{Reciprocal regulation of TGF-B and reactive oxygen species: A perverse cycle for fibrosis}}, 
author = {Liu, Rui-Ming and Desai, Leena P.}, 
journal = {Redox Biology}, 
issn = {2213-2317}, 
doi = {10.1016/j.redox.2015.09.009}, 
pmid = {26496488}, 
pmcid = {PMC4625010}, 
pages = {565--577}, 
volume = {6}, 
}
@article{Dang2009,
year = {2009}, 
title = {{MYC-Induced Cancer Cell Energy Metabolism and Therapeutic Opportunities}}, 
author = {Dang, Chi V. and Le, Anne and Gao, Ping}, 
journal = {Clinical Cancer Research}, 
issn = {1078-0432}, 
doi = {10.1158/1078-0432.ccr-09-0889}, 
pmid = {19861459}, 
pmcid = {PMC2783410}, 
pages = {6479--6483}, 
number = {21}, 
volume = {15}, 
}
@article{Georgakopoulos-Soares2020,
year = {2020}, 
title = {{EMT Factors and Metabolic Pathways in Cancer}}, 
author = {Georgakopoulos-Soares, Ilias and Chartoumpekis, Dionysios V. and Kyriazopoulou, Venetsana and Zaravinos, Apostolos}, 
journal = {Frontiers in Oncology}, 
issn = {2234-943X}, 
doi = {10.3389/fonc.2020.00499}, 
pmid = {32318352}, 
pages = {499}, 
volume = {10}, 
}
@article{Thakur2015,
year = {2015}, 
title = {{Activation of AMP-Activated Protein Kinase Prevents TGF-B1–Induced Epithelial-Mesenchymal Transition and Myofibroblast Activation}}, 
author = {Thakur, Sachin and Viswanadhapalli, Suryavathi and Kopp, Jeffrey B. and Shi, Qian and Barnes, Jeffrey L. and Block, Karen and Gorin, Yves and Abboud, Hanna E.}, 
journal = {The American Journal of Pathology}, 
issn = {0002-9440}, 
doi = {10.1016/j.ajpath.2015.04.014}, 
pmid = {26071397}, 
pmcid = {PMC4530134}, 
pages = {2168--2180}, 
number = {8}, 
volume = {185}, 
}
@article{Zhang2014,
year = {2014}, 
title = {{P53/microRNA-34-induced metabolic regulation: new opportunities in anticancer therapy}}, 
author = {Zhang, Ding-Guo and Zheng, Jun-Nian and Pei, Dong-Sheng}, 
journal = {Molecular Cancer}, 
doi = {10.1186/1476-4598-13-115}, 
pmid = {24884974}, 
pages = {115}, 
number = {1}, 
volume = {13}, 
}
@article{Jiang2015,
year = {2015}, 
title = {{Metabolic reprogramming during TGFB1-induced epithelial-to-mesenchymal transition}}, 
author = {Jiang, L and Xiao, L and Sugiura, H and Huang, X and Ali, A and Kuro-o, M and Deberardinis, R J and Boothman, D A}, 
journal = {Oncogene}, 
issn = {0950-9232}, 
doi = {10.1038/onc.2014.321}, 
pmid = {25284588}, 
pmcid = {PMC4387121}, 
pages = {3908--3916}, 
number = {30}, 
volume = {34}, 
}
@article{Peeters2017,
year = {2017}, 
title = {{Fructose-1,6-bisphosphate couples glycolytic flux to activation of Ras}}, 
author = {Peeters, Ken and Leemputte, Frederik Van and Fischer, Baptiste and Bonini, Beatriz M. and Quezada, Hector and Tsytlonok, Maksym and Haesen, Dorien and Vanthienen, Ward and Bernardes, Nuno and Gonzalez-Blas, Carmen Bravo and Janssens, Veerle and Tompa, Peter and Versées, Wim and Thevelein, Johan M.}, 
journal = {Nature Communications}, 
doi = {10.1038/s41467-017-01019-z}, 
pmid = {29030545}, 
pages = {922}, 
number = {1}, 
volume = {8}, 
}
@article{Bhowmik2015,
year = {2015}, 
title = {{EMT-induced metabolite signature identifies poor clinical outcome}}, 
author = {Bhowmik, Salil Kumar and Ramirez-Peña, Esmeralda and Arnold, James Michael and Putluri, Vasanta and Sphyris, Nathalie and Michailidis, George and Putluri, Nagireddy and Ambs, Stefan and Sreekumar, Arun and Mani, Sendurai A.}, 
journal = {Oncotarget}, 
issn = {1949-2553}, 
doi = {10.18632/oncotarget.4765}, 
pmid = {26315396}, 
pmcid = {PMC4767460}, 
pages = {42651--42660}, 
number = {40}, 
volume = {6}, 
}
@article{Gaude2016,
year = {2016}, 
title = {{Tissue-specific and convergent metabolic transformation of cancer correlates with metastatic potential and patient survival}}, 
author = {Gaude, Edoardo and Frezza, Christian}, 
journal = {Nature Communications}, 
doi = {10.1038/ncomms13041}, 
pmid = {27721378}, 
pages = {13041}, 
number = {1}, 
volume = {7}, 
}
@article{Farris2016,
year = {2016}, 
title = {{Grainyhead-like 2 Reverses the Metabolic Changes Induced by the Oncogenic Epithelial–Mesenchymal Transition: Effects on Anoikis}}, 
author = {Farris, Joshua C. and Pifer, Phillip M. and Zheng, Liang and Gottlieb, Eyal and Denvir, James and Frisch, Steven M.}, 
journal = {Molecular Cancer Research}, 
issn = {1541-7786}, 
doi = {10.1158/1541-7786.mcr-16-0050}, 
pmid = {27084311}, 
pmcid = {PMC4912396}, 
pages = {528--538}, 
number = {6}, 
volume = {14}, 
}
@article{Janin2016,
year = {2016}, 
title = {{Oncometabolite Accumulation and Epithelial-to-Mesenchymal Transition: The Turn of Fumarate}}, 
author = {Janin, Maxime and Esteller, Manel}, 
journal = {Cell Metabolism}, 
issn = {1550-4131}, 
doi = {10.1016/j.cmet.2016.09.020}, 
pmid = {27732835}, 
pages = {529--530}, 
number = {4}, 
volume = {24}, 
}
@article{Youssef2020,
year = {2020}, 
title = {{Glucose Metabolism Takes Center Stage in Epithelial-Mesenchymal Plasticity}}, 
author = {Youssef, Khalil Kass and Nieto, M. Angela}, 
journal = {Developmental Cell}, 
issn = {1534-5807}, 
doi = {10.1016/j.devcel.2020.03.021}, 
pmid = {32315608}, 
pages = {133--135}, 
number = {2}, 
volume = {53}, 
}
@article{Bhattacharya2020,
year = {2020}, 
title = {{Metabolic Reprogramming Promotes Neural Crest Migration via Yap/Tead Signaling}}, 
author = {Bhattacharya, Debadrita and Azambuja, Ana Paula and Simoes-Costa, Marcos}, 
journal = {Developmental Cell}, 
issn = {1534-5807}, 
doi = {10.1016/j.devcel.2020.03.005}, 
pmid = {32243782}, 
pages = {199--211.e6}, 
number = {2}, 
volume = {53}, 
} 
@article{Rhodes2015,
year = {2015}, 
title = {{Regulation of triple-negative breast cancer cell metastasis by the tumor-suppressor liver kinase B1}}, 
author = {Rhodes, L V and Tate, C R and Hoang, V T and Burks, H E and Gilliam, D and Martin, E C and Elliott, S and Miller, D B and Buechlein, A and Rusch, D and Tang, H and Nephew, K P and Burow, M E and Collins-Burow, B M}, 
journal = {Oncogenesis}, 
doi = {10.1038/oncsis.2015.27}, 
pmid = {26436950}, 
pmcid = {PMC4632088}, 
pages = {e168--e168}, 
number = {10}, 
volume = {4}, 
} 
@article{Sciacovelli2016,
year = {2016}, 
title = {{Fumarate is an epigenetic modifier that elicits epithelial-to-mesenchymal transition}}, 
author = {Sciacovelli, Marco and Gonçalves, Emanuel and Johnson, Timothy Isaac and Zecchini, Vincent Roberto and Costa, Ana Sofia Henriques da and Gaude, Edoardo and Drubbel, Alizee Vercauteren and Theobald, Sebastian Julian and Abbo, Sandra Riekje and Tran, Maxine Gia Binh and Rajeeve, Vinothini and Cardaci, Simone and Foster, Sarah and Yun, Haiyang and Cutillas, Pedro and Warren, Anne and Gnanapragasam, Vincent and Gottlieb, Eyal and Franze, Kristian and Huntly, Brian and Maher, Eamonn Richard and Maxwell, Patrick Henry and Saez-Rodriguez, Julio and Frezza, Christian}, 
journal = {Nature}, 
issn = {0028-0836}, 
doi = {10.1038/nature19353}, 
pmid = {27580029}, 
pages = {544--547}, 
number = {7621}, 
volume = {537}, 
}
@article{Shagieva2014,
year = {2014}, 
title = {{Depletion of mitochondrial reactive oxygen species downregulates epithelial-to-mesenchymal transition in cervical cancer cells}}, 
author = {Shagieva, Galina and Domnina, Lidiya and Makarevich, Olga and Chernyak, Boris and Skulachev, Vladimir and Dugina, Vera}, 
journal = {Oncotarget}, 
issn = {1949-2553}, 
doi = {10.18632/oncotarget.13612}, 
pmid = {27902484}, 
pages = {4901--4913}, 
number = {0}, 
volume = {5}, 
}
@article{Sun2014,
year = {2014}, 
title = {{Metabolic and transcriptional profiling reveals pyruvate dehydrogenase kinase 4 as a mediator of epithelial-mesenchymal transition and drug resistance in tumor cells}}, 
author = {Sun, Yuting and Daemen, Anneleen and Hatzivassiliou, Georgia and Arnott, David and Wilson, Catherine and Zhuang, Guanglei and Gao, Min and Liu, Peter and Boudreau, Aaron and Johnson, Leisa and Settleman, Jeff}, 
journal = {Cancer \& Metabolism}, 
issn = {2049-3002}, 
doi = {10.1186/2049-3002-2-20}, 
pmid = {25379179}, 
pmcid = {PMC4221711}, 
pages = {20}, 
number = {1}, 
volume = {2}, 
}
@article{Steven2016,
year = {2016}, 
title = {{Control of CREB expression in tumors: from molecular mechanisms and signal transduction pathways to therapeutic target}}, 
author = {Steven, André and Seliger, Barbara}, 
journal = {Oncotarget}, 
issn = {1949-2553}, 
doi = {10.18632/oncotarget.7721}, 
pmid = {26934558}, 
pages = {35454--35465}, 
number = {23}, 
volume = {7}, 
}
@article{Huang2015,
year = {2015}, 
title = {{AMPK Plays a Dual Role in Regulation of CREB/BDNF Pathway in Mouse Primary Hippocampal Cells}}, 
author = {Huang, Weidong and Cao, Jie and Liu, Xiaobin and Meng, Facai and Li, Min and Chen, Bo and Zhang, Jie}, 
journal = {Journal of Molecular Neuroscience}, 
issn = {0895-8696}, 
doi = {10.1007/s12031-015-0500-2}, 
pmid = {25645685}, 
pages = {782--788}, 
number = {4}, 
volume = {56}, 
note = {AMPK downregulates CREB via upregulation of Sirt1}, 
}
@article{Jia2021,
year = {2021}, 
title = {{Towards decoding the coupled decision-making of metabolism and epithelial-to-mesenchymal transition in cancer}}, 
author = {Jia, Dongya and Park, Jun Hyoung and Kaur, Harsimran and Jung, Kwang Hwa and Yang, Sukjin and Tripathi, Shubham and Galbraith, Madeline and Deng, Youyuan and Jolly, Mohit Kumar and Kaipparettu, Benny Abraham and Onuchic, José N. and Levine, Herbert}, 
journal = {British Journal of Cancer}, 
issn = {0007-0920}, 
doi = {10.1038/s41416-021-01385-y}, 
pmid = {33859341}, 
pages = {1--10}, 
}
@article{Hanahan2011,
year = {2011}, 
title = {{Hallmarks of Cancer: The Next Generation}}, 
author = {Hanahan, Douglas and Weinberg, Robert A.}, 
journal = {Cell}, 
issn = {0092-8674}, 
doi = {10.1016/j.cell.2011.02.013}, 
pmid = {21376230}, 
pages = {646--674}, 
number = {5}, 
volume = {144}, 
keywords = {}
}
@article{Raghu2009,
year = {2009}, 
title = {{EMT: When epithelial cells decide to become mesenchymal-like cells}}, 
author = {Kalluri, Raghu}, 
journal = {Journal of Clinical Investigation}, 
issn = {0021-9738}, 
doi = {10.1172/jci39675}, 
pmid = {19487817}, 
pages = {1417--1419}, 
number = {6}, 
volume = {119}, 
keywords = {}
}
@article{Lee2006,
year = {2006}, 
title = {{The epithelial–mesenchymal transition: new insights in signaling, development, and disease}}, 
author = {Lee, Jonathan M. and Dedhar, Shoukat and Kalluri, Raghu and Thompson, Erik W.}, 
journal = {The Journal of Cell Biology}, 
issn = {0021-9525}, 
doi = {10.1083/jcb.200601018}, 
pmid = {16567498}, 
pmcid = {PMC2063755}, 
pages = {973--981}, 
number = {7}, 
volume = {172}, 
keywords = {}
}
@article{Saitoh2018,
year = {2018}, 
title = {{Involvement of partial EMT in cancer progression}}, 
author = {Saitoh, Masao}, 
journal = {The Journal of Biochemistry}, 
issn = {0021-924X}, 
doi = {10.1093/jb/mvy047}, 
pmid = {29726955}, 
pages = {257--264}, 
number = {4}, 
volume = {164}, 
keywords = {}
}
@article{Warburg1927,
year = {1927}, 
title = {{THE METABOLISM OF TUMORS IN THE BODY}}, 
author = {Warburg, Otto and Wind, Franz and Negelein, Erwin}, 
journal = {Journal of General Physiology}, 
issn = {0022-1295}, 
doi = {10.1085/jgp.8.6.519}, 
pmid = {19872213}, 
pages = {519--530}, 
number = {6}, 
volume = {8}, 
keywords = {}
}
@article{Liberti2016,
year = {2016}, 
title = {{The Warburg Effect: How Does it Benefit Cancer Cells?}}, 
author = {Liberti, Maria V. and Locasale, Jason W.}, 
journal = {Trends in Biochemical Sciences}, 
issn = {0968-0004}, 
doi = {10.1016/j.tibs.2015.12.001}, 
pmid = {26778478}, 
pmcid = {PMC4783224}, 
pages = {211--218}, 
number = {3}, 
volume = {41}, 
keywords = {}
}
@article{Bocci2019,
year = {2019}, 
title = {{NRF2 activates a partial epithelial-mesenchymal transition and is maximally present in a hybrid epithelial/mesenchymal phenotype}}, 
author = {Bocci, Federico and Tripathi, Satyendra C and Mercedes, Samuel A Vilchez and George, Jason T and Casabar, Julian P and Wong, Pak Kin and Hanash, Samir M and Levine, Herbert and Onuchic, José N and Jolly, Mohit Kumar}, 
journal = {Integrative Biology}, 
issn = {1757-9694}, 
doi = {10.1093/intbio/zyz021}, 
pmid = {31329868}, 
pmcid = {PMC6686740}, 
pages = {251--263}, 
number = {6}, 
volume = {11}, 
keywords = {}
}
@article{Colacino2018,
year = {2018}, 
title = {{Heterogeneity of Human Breast Stem and Progenitor Cells as Revealed by Transcriptional Profiling}}, 
author = {Colacino, Justin A. and Azizi, Ebrahim and Brooks, Michael D. and Harouaka, Ramdane and Fouladdel, Shamileh and McDermott, Sean P. and Lee, Michael and Hill, David and Madden, Julie and Boerner, Julie and Cote, Michele L. and Sartor, Maureen A. and Rozek, Laura S. and Wicha, Max S.}, 
journal = {Stem Cell Reports}, 
issn = {2213-6711}, 
doi = {10.1016/j.stemcr.2018.03.001}, 
pmid = {29606612}, 
pmcid = {PMC5995162}, 
pages = {1596--1609}, 
number = {5}, 
volume = {10}, 
keywords = {}
}}
@article{Navarro2015,
year = {2015}, 
title = {{miR-34 and p53: New Insights into a Complex Functional Relationship}}, 
author = {Navarro, Francisco and Lieberman, Judy}, 
journal = {PLoS ONE}, 
doi = {10.1371/journal.pone.0132767}, 
pmid = {26177460}, 
pmcid = {PMC4503669}, 
pages = {e0132767}, 
number = {7}, 
volume = {10}, 
keywords = {}
}
@article{Italiano2012,
year = {2012}, 
title = {{Identification of NCF2/p67phox as a novel p53 target gene}}, 
author = {Italiano, Dafne and Lena, Anna Maria and Melino, Gerry and Candi, Eleonora}, 
journal = {Cell Cycle}, 
issn = {1538-4101}, 
doi = {10.4161/cc.22853}, 
pmid = {23187810}, 
pages = {4589--4596}, 
number = {24}, 
volume = {11}, 
keywords = {}
}
@article{Radisky2005,
year = {2005}, 
title = {{Rac1b and reactive oxygen species mediate MMP-3-induced EMT and genomic instability}}, 
author = {Radisky, Derek C. and Levy, Dinah D. and Littlepage, Laurie E. and Liu, Hong and Nelson, Celeste M. and Fata, Jimmie E. and Leake, Devin and Godden, Elizabeth L. and Albertson, Donna G. and Nieto, M. Angela and Werb, Zena and Bissell, Mina J.}, 
journal = {Nature}, 
issn = {0028-0836}, 
doi = {10.1038/nature03688}, 
pmid = {16001073}, 
pmcid = {PMC2784913}, 
pages = {123--127}, 
number = {7047}, 
volume = {436}, 
keywords = {}
}
@article{Saxena2020,
year = {2020}, 
title = {{Hypoxia, partial EMT and collective migration: Emerging culprits in metastasis}}, 
author = {Saxena, Kritika and Jolly, Mohit Kumar and Balamurugan, Kuppusamy}, 
journal = {Translational Oncology}, 
issn = {1936-5233}, 
doi = {10.1016/j.tranon.2020.100845}, 
pmid = {32781367}, 
pmcid = {PMC7419667}, 
pages = {100845}, 
number = {11}, 
volume = {13}, 
keywords = {}
}
@article{Babaei2021,
year = {2021}, 
title = {{The emerging role of miR-200 family in metastasis: focus on EMT, CSCs, angiogenesis, and anoikis}}, 
author = {Babaei, Ghader and Raei, Negin and milani, Attabak Toofani and Aziz, Shiva Gholizadeh-Ghaleh and Pourjabbar, Nima and Geravand, Faezeh}, 
journal = {Molecular Biology Reports}, 
issn = {0301-4851}, 
doi = {10.1007/s11033-021-06666-6}, 
pmid = {34510322}, 
pages = {6935--6947}, 
number = {10}, 
volume = {48}, 
keywords = {}
}
@article{LeBleu2014,
year = {2014}, 
title = {{PGC-1a mediates mitochondrial biogenesis and oxidative phosphorylation in cancer cells to promote metastasis}}, 
author = {LeBleu, Valerie S. and O’Connell, Joyce T. and Herrera, Karina N. Gonzalez and Wikman, Harriet and Pantel, Klaus and Haigis, Marcia C. and Carvalho, Fernanda Machado de and Damascena, Aline and Chinen, Ludmilla Thome Domingos and Rocha, Rafael M. and Asara, John M. and Kalluri, Raghu}, 
journal = {Nature Cell Biology}, 
issn = {1465-7392}, 
doi = {10.1038/ncb3039}, 
pmid = {25241037}, 
pmcid = {PMC4369153}, 
pages = {992--1003}, 
number = {10}, 
volume = {16}, 
keywords = {}
}
@article{Dong2016,
year = {2016}, 
title = {{FOXO1 inhibits the invasion and metastasis of hepatocellular carcinoma by reversing ZEB2-induced epithelial-mesenchymal transition}}, 
author = {Dong, Tianxiu and Zhang, Yu and Chen, Yaodong and Liu, Pengfei and An, Tingting and Zhang, Jiuwei and Yang, Haichao and Zhu, Wenjing and Yang, Xiuhua}, 
journal = {Oncotarget}, 
doi = {10.18632/oncotarget.13786}, 
pmid = {27924058}, 
pmcid = {PMC5352090}, 
pages = {1703--1713}, 
number = {1}, 
volume = {8}, 
keywords = {}
}
@article{Li2011,
year = {2011}, 
title = {{Increased expression of miR-34a and miR-93 in rat liver during aging, and their impact on the expression of Mgst1 and Sirt1}}, 
author = {Li, Na and Muthusamy, Senthilkumar and Liang, Ruqiang and Sarojini, Harshini and Wang, Eugenia}, 
journal = {Mechanisms of Ageing and Development}, 
issn = {0047-6374}, 
doi = {10.1016/j.mad.2010.12.004}, 
pmid = {21216258}, 
pages = {75--85}, 
number = {3}, 
volume = {132}, 
note = {upregulating mir34 downregulates NRF2}, 
keywords = {}
}
@article{Pydstool,
year = {2007}, 
title = {{PyDSTool, a software environment for dynamical systems modeling}}, 
author = {RH, Clewley and WE, Sherwood and MD, LaMar and JM, Guckenheimer}, 
url = {http://pydstool.sourceforge.net}, 
keywords = {}
}
@article{Thomson2008,
year = {2008}, 
title = {{AMP-activated protein kinase phosphorylates transcription factors of the CREB family}}, 
author = {Thomson, D. M. and Herway, S. T. and Fillmore, N. and Kim, H. and Brown, J. D. and Barrow, J. R. and Winder, W. W.}, 
journal = {Journal of Applied Physiology}, 
issn = {8750-7587}, 
doi = {10.1152/japplphysiol.00900.2007}, 
pmid = {18063805}, 
pages = {429--438}, 
number = {2}, 
volume = {104}, 
keywords = {}
}
